@article{slater_inducing_2009,
	title = {Inducing illusory ownership of a virtual body},
	volume = {3},
	issn = {1662-453X},
	url = {},
	urldate = {2023-04-03},
	journal = {Frontiers in Neuroscience},
	author = {Slater, Mel and PÃ©rez Marcos, Daniel and Ehrsson, Henrik and Sanchez-Vives, Maria},
	year = {2009},
	file = {Full Text PDF:C\:\\Users\\crazy\\Zotero\\storage\\G8GTJHWX\\Slater et al. - 2009 - Inducing illusory ownership of a virtual body.pdf:application/pdf},
}